<record><leader>00000cas a2200000 a 4500</leader><controlfield tag="001">32817852</controlfield><controlfield tag="008">950714c19909999cauwr ne      0    0eng c</controlfield><datafield ind1=" " ind2=" " tag="010"><subfield code="a">sn 95061105 </subfield></datafield><datafield ind1=" " ind2=" " tag="040"><subfield code="a">CNK</subfield><subfield code="b">eng</subfield><subfield code="c">CNK</subfield><subfield code="d">OCLCQ</subfield><subfield code="d">CNK</subfield><subfield code="d">OCLCF</subfield><subfield code="d">OCLCO</subfield></datafield><datafield ind1="1" ind2=" " tag="029"><subfield code="a">AU@</subfield><subfield code="b">000011868820</subfield></datafield><datafield ind1=" " ind2=" " tag="042"><subfield code="a">pcc</subfield></datafield><datafield ind1=" " ind2=" " tag="043"><subfield code="a">n-us-ca</subfield></datafield><datafield ind1="0" ind2="0" tag="245"><subfield code="a">Yucaipa news-mirror.</subfield></datafield><datafield ind1="3" ind2=" " tag="246"><subfield code="a">Yucaipa edition news-mirror</subfield></datafield><datafield ind1="1" ind2="3" tag="246"><subfield code="a">Yucaipa and Calimesa news-mirror</subfield></datafield><datafield ind1=" " ind2=" " tag="260"><subfield code="a">Yucaipa, Calif. :</subfield><subfield code="b">Brehm Communications</subfield></datafield><datafield ind1=" " ind2=" " tag="300"><subfield code="a">v.</subfield></datafield><datafield ind1=" " ind2=" " tag="310"><subfield code="a">Weekly</subfield></datafield><datafield ind1=" " ind2=" " tag="500"><subfield code="a">Issues for June 3, 1992- have "edition" in italics above masthead title.</subfield></datafield><datafield ind1=" " ind2=" " tag="515"><subfield code="a">Numbering is irregular.</subfield></datafield><datafield ind1=" " ind2=" " tag="588"><subfield code="a">Description based on: Vol. 76, no. 47 (Nov. 28, 1990).</subfield></datafield><datafield ind1=" " ind2=" " tag="530"><subfield code="a">Master negatives are available for duplication from:</subfield><subfield code="b">California Newspaper Microfilm Archive;</subfield><subfield code="c">for further information consult the CNMA at:</subfield><subfield code="u">http://cbsr.ucr.edu.</subfield></datafield><datafield ind1=" " ind2="0" tag="651"><subfield code="a">Yucaipa (Calif.)</subfield><subfield code="v">Newspapers.</subfield></datafield><datafield ind1=" " ind2="7" tag="655"><subfield code="a">Newspapers.</subfield><subfield code="2">fast</subfield><subfield code="0">(OCoLC)fst01423814</subfield></datafield><datafield ind1=" " ind2="7" tag="651"><subfield code="a">California</subfield><subfield code="z">Yucaipa.</subfield><subfield code="2">fast</subfield><subfield code="0">(OCoLC)fst01228113</subfield></datafield><datafield ind1=" " ind2=" " tag="752"><subfield code="a">United States</subfield><subfield code="b">California</subfield><subfield code="c">San Bernardino</subfield><subfield code="d">Yucaipa.</subfield></datafield><datafield ind1="0" ind2=" " tag="775"><subfield code="t">Calimesa news-mirror</subfield><subfield code="w">(DLC)sn 95061110</subfield></datafield><datafield ind1="0" ind2="1" tag="780"><subfield code="t">Yucaipa and Calimesa news-mirror</subfield><subfield code="w">(DLC)sn 95061100</subfield></datafield></record>